@Article{Addabbo,
  author =       "T. Addabbo, M. Alioto, A. Fort, A. Pasini, S. Rocchi and V. Vignoli",
  title =        "A Class of Maximum-Periodo Nonlinear Congruential Generators Derived From the RÃ©nyi Chaotic Map",
  journal =      "IEEE TRANSACTIONS ON CIRCUITS AND SYSTEMS",
  volume =       "54",
  number =       "4",
  pages =        "816--828",
  year =         "2007"
} 


