@incollection{Bernstein2008,
  author        = {Daniel J. Bernstein and Peter Schwabe},
  year          = 2008,
  title         = {New {AES} {S}oftware {S}peed {R}ecords},
  booktitle     = {Progress in Cryptology - {INDOCRYPT 2008}},
  volume        = {5365},
  pages         = {322--336},
  doi           = {10.1007/978-3-540-89754-5_25}  
}


@article{Capocelli1992, 
author	= {R. M. Capocelli and A. A. De Santis and L. Gargano  and U. Vaccaro}, 
journal	= {IEEE Transactions on Information Theory}, 
title	= {On the {C}onstruction of {S}tatistically {S}ynchronizable {C}odes}, 
year 	= 1992,  
volume	= 38, 
number	= 2, 
pages	= {407--414},
doi     = {10.1109/18.119696}
}


@article{Ferguson1984, 
author	= {T. Ferguson and J. Rabinowitz}, 
journal	= {IEEE Transactions on Information Theory}, 
title	= {Self-{S}ynchronizing {H}uffman {C}odes}, 
year		= 1984,  
volume	= 30, 
number	= 4, 
pages	= {687--693},
doi     = {10.1109/TIT.1984.1056931}, 
}


@misc{Gladman2006, 
author	= {B. Gladman}, 
title	= {{AES} and {C}ombined {E}ncryption/{A}uthentication {M}odes}, 
year		= 2006
}

@article{Hasimoto2008, 
author		= {Hasimoto-Beltr\'{a}n, Rogelio}, 
journal		= {Chaos}, 
title		= {High-{P}erformance {M}ultimedia {E}ncryption {S}ystem {B}ased on {C}haos}, 
year			= 2008,  
volume		= 18
}

@article{Hasimoto2011, 
author		= {Hasimoto-Beltr\'{a}n, Rogelio  and  Ram\'{\i}rez-Ram\'{\i}rez, Roxana}, 
journal		= {Communications in Nonlinear Science and Numerical Simulations (CNSNS)}, 
title		= {Cycle {D}etection for {S}ecure {C}haos-{B}ased {E}ncryption}, 
year			= 2013,  
volume		= 16, 
number	    = 8, 
pages	    = {3203--3211},
doi         = {10.1016/j.cnsns.2010.11.002}
}

@article{Hemami2000, 
author		= {Hemami, S. S.}, 
journal		= {IEEE {J}ournal on Selected {A}reas in {C}ommunications}, 
title		= {Robust {I}mage {T}ransmission {U}sing {R}esynchronizing {V}ariable-{L}ength {C}odes and {E}rror {C}oncealment}, 
year			= {2000},  
month		= {jun},  
volume		= {18}, 
number	    = {6}, 
pages	    = {927--939},
doi         = {10.1109/49.848247}, 
}


@article{Huffman1952, 
author		= {Huffman, D. A.}, 
journal		= {Proceedings of the I.R.E.}, 
title		= {A {M}ethod for the {C}onstruction of {M}inimum-{R}edundancy {C}odes}, 
year			= {1952},  
month       = {sept}, 
volume      = {40}, 
number      = {9}, 
pages	    = {1098--1102},
doi         = {10.1109/JRPROC.1952.273898}
}

@article{Jakimoski2008, 
author		= {Jakimoski, G. and  Subbalakshmi, K. P.}, 
journal		= {{IEEE} Transactions on {M}ultimedia}, 
title		= {Cryptanalysis of {S}ome {M}ultimedia {E}ncryption {S}chemes}, 
year			= {2008},
month       = {apr},   
volume      = {10}, 
number      = {3}, 
pages	    = {330--338},
doi         = {10.1109/TMM.2008.917355}, 
}

@inproceedings{Khanvilkar2006, 
author		= {Khanvilkar, S. and Khokhar, A.}, 
booktitle	= {Global Telecommunications Conference, 2006. GLOBECOM-06. IEEE}, 
title		= {{NIS07}-1: {E}fficient {T}ransmission of {MP3} {S}treams over {VPN}s}, 
year			= {2006},
month       = {nov},   
pages	    = {1--5},
doi         = {10.1109/GLOCOM.2006.296} 
}

@inproceedings{Liu2003, 
author		= {Liu, Xiliang  and Eskicioglu, Ahmet M.}, 
booktitle	= {2nd Int. Conf. Communications, Internet, and Information Technology}, 
title		= {Selective {E}ncryption of {M}ultimedia {C}ontent in {D}istribution {N}etworks: {C}hallenges and {N}ew {D}irections}, 
year			= {2003},  
pages	    = {527--533}
}

@misc{linkMaemo,
author      = {Maemo},
title 		= {The {H}ome Of {T}he {M}aemo {C}ommunity},
url 			= {http://maemo.org/},
note        = {[{A}vailable]}
}



@article{Kitakami2005,
author 		= {Kitakami, Masato and Nakamura, Satoshi},
journal 		= {{IEICE} Transactions},
title 		= {Burst {E}rror {R}ecovery for {H}uffman {C}oding},
volume 		= {88-D},
year 		= {2005},
pages 		= {2197--2200}
}



@article{Maxted1985,
author		= {Maxted, J. and Robinson, J.},
journal		= {IEEE Transactions on Information Theory},
title		= {Error {R}ecovery for {V}ariable {L}ength {C}odes},
year			= {1985},
month		= {nov},
volume		= {31},
number		= {6},
pages		= {794--801},
doi         = {10.1109/TIT.1985.1057110}
}



@misc{Meyer1995,
author		=  {Meyer, J. and  Gadegast, F.},
title		=  {Security {M}echanisms for {M}ultimedia {D}ata with the {E}xample {MPEG-1} {V}ideo},
year			=  {1995}
}


@article{Monaco1987, 
author   = {Monaco, M. and Lawler, J.}, 
journal  = {IEEE Transactions on Information Theory}, 
title    = {Corrections and {A}dditions to {'}{E}rror {R}ecovery for {V}ariable {L}ength {C}odes{'} by {J}. {C}. {M}axted and {J}. {P}. {R}obinson}, 
year     = {1987}, 
month    = {may}, 
volume   = {33}, 
number   = {3}, 
pages    = {454--456},
doi      = {10.1109/TIT.1987.1057297} 
}


@article{Montgomery1986, 
author    = {Montgomery, B. L. and Abrahams, J.}, 
journal   = {IEEE Transactions on Information Theory}, 
title     = {Synchronization of {B}inary {S}ource {C}odes}, 
year      = {1986}, 
month     = {nov}, 
volume    = {32}, 
number    = {6}, 
pages     = {849--854},
doi       = {10.1109/TIT.1986.1057238}
}


@manual{NIST,
title	    =    {{FIPS}-197: {A}dvanced {E}ncryption {S}tandard ({AES})},
url         =    {http://csrc.nist.gov/publications/fips/fips197/fips-197.pdf},
author	    =    {{National Institute of Standards and Technology (NIST)}},
note        =    {[{A}vailable]}
}

@INPROCEEDINGS{Spanos1995, 
author    =  {Spanos, G. A. and Maples, T. B.}, 
booktitle =  {{F}ourth {I}nternational {C}onference on Computer {C}ommunications and {N}etworks}, 
title     =  {Performance {S}tudy of a {S}elective {E}ncryption {S}cheme for the {S}ecurity of {N}etworked, {R}eal-{T}ime {V}ideo}, 
year      =  {1995}, 
month     =  {sept}, 
pages     =  {2--10},
doi       =  {10.1109/ICCCN.1995.540095}
}


@ARTICLE{Swaszek1995, 
author    =  {Swaszek, P.F. and DiCicco, P.}, 
journal   =  {IEEE Transactions on Information Theory}, 
title     =  {More on the {E}rror {R}ecovery for {V}ariable-{L}ength {C}odes}, 
year      =  {1995}, 
month     =  {nov}, 
volume    =  {41}, 
number    =  {6}, 
pages     =  {2064--2071},
doi       =  {10.1109/18.476338} 
}


@ARTICLE{Takishima1994, 
author   = {Takishima, Y. and Wada, M. and Murakami, H.}, 
journal  = {IEEE Transactions on Communications}, 
title    = {Error {S}tates and {S}ynchronization {R}ecovery for {V}ariable {L}ength {C}odes}, 
year     = {1994}, 
month    = {feb}, 
volume   = {42}, 
number   = {234}, 
pages    = {783--792},
doi      = {10.1109/TCOMM.1994.577107}
}



@inproceedings{Tang1996,
    author = {Tang, Lei},
    booktitle = {Proceedings of the 4th ACM International Multimedia Conference},
    title = {Methods for {E}ncrypting and {D}ecrypting {MPEG} {V}ideo {D}ata {E}fficiently},
    year = {1996},
    pages     =  {219--230},
    address  = {Boston, Massachusetts, USA}
}

@ARTICLE{Chung2002, 
author   = {Te-Chung, Y.  and  Kumar,  S.}, 
journal  = {IEEE Transactions on Consumer Electronics}, 
title    = {A {L}ow {C}omplexity {E}rror {R}ecovery {T}echnique for {W}avelet {I}mage {C}odecs with {I}nter-{S}ubband {D}ependency}, 
year     = {2002}, 
volume   = {48}, 
pages    = {973--981},
doi      = {10.1109/TCE.2003.1196428}
}



@ARTICLE{Jiangtao2006, 
author={Jiangtao Wen and Hyungjin Kim and Villasenor, J. D.}, 
journal={Signal Processing Letters, IEEE}, 
title={Binary {A}rithmetic {C}oding with {K}ey-{B}ased {I}nterval {S}plitting}, 
year={2006}, 
month={feb}, 
volume={13}, 
number={2}, 
pages={69--72},
doi  =  {10.1109/LSP.2005.861589}
}



@ARTICLE{Wu2005, 
author={Wu, C. and Kuo, C.}, 
journal={IEEE Transactions on Multimedia}, 
title={Design of {I}ntegrated {M}ultimedia {C}ompression and {E}ncryption {S}ystems}, 
year={2005}, 
month={oct}, 
volume={7}, 
number={5}, 
pages={828--839},
doi={10.1109/TMM.2005.854469}
}


@ARTICLE{Zhou2002, 
author={Zhou, G. and Zhang, Z.}, 
journal={IEEE Transactions on Information Theory}, 
title={Synchronization {R}ecovery of {V}ariable-{L}ength {C}odes}, 
year={2002}, 
month={jan}, 
volume={48}, 
number={1}, 
pages={219--227},
doi  =  {10.1109/18.971750} 
}
